<?xml version="1.0" encoding="UTF-8"?><collection xmlns="http://www.loc.gov/MARC21/slim"><record><leader>00586nam--2200181-i-4500</leader><controlfield tag="001">000011432</controlfield><controlfield tag="002">20161230</controlfield><controlfield tag="005">20161230201029</controlfield><controlfield tag="008">060222s1000------------r-----000-0-eng-d</controlfield><datafield ind1=" " ind2=" " tag="040"><subfield code="a">IFIN-HH</subfield></datafield><datafield ind1=" " ind2=" " tag="080"><subfield code="a">531.3(061.3):519.4(061.3)</subfield></datafield><datafield ind1="1" ind2=" " tag="100"><subfield code="a">Peixoto, M.M</subfield></datafield><datafield ind1="1" ind2="0" tag="245"><subfield code="a">Dynamical systems</subfield><subfield code="b">Proceedings of a symposium university of bahia, salvador, brasil, july 26-august 14, 1971</subfield><subfield code="c">M.m. peixoto (ed.)</subfield></datafield><datafield ind1=" " ind2=" " tag="260"><subfield code="a">New York</subfield><subfield code="b">Academic Press</subfield><subfield code="c">1973</subfield></datafield><datafield ind1=" " ind2=" " tag="300"><subfield code="a">XIV+745P</subfield></datafield><datafield ind1=" " ind2=" " tag="490"><subfield code="a">Salvador Symposium On Dynamical Systems</subfield></datafield><datafield ind1=" " ind2=" " tag="852"><subfield code="a">42428</subfield><subfield code="c">519.283</subfield></datafield><datafield ind1=" " ind2=" " tag="CAT"><subfield code="a">Sys</subfield><subfield code="c">20130807</subfield><subfield code="h">174115</subfield></datafield></record></collection>